@misc{spring-framework-reference,
	author = {Rod Johnson and Juergen Hoeller and others},
	title = {Spring Framework Reference Documentation},
	howpublished = "\url{http://docs.spring.io/spring/docs/current/spring-framework-reference/html/beans.html}",
	year = {2004-2014}
}
@misc{enterprise-inetgration-pattern,
	author = {Gregor Hohpe and Bobby Woolf },
	title = {Enterprise Integration Patterns Message Endpoint},
	howpublished = "\url{http://www.enterpriseintegrationpatterns.com/MessageEndpoint.html}",
	year = {2003-2015}
}
@misc{microservices-pattern,
	author = {Chris Richardson },
	title = {Pattern: Microservices Architecture},
	howpublished = "\url{http://microservices.io/patterns/microservices.html}",
	year = {2014}
}
@misc{mqtt-module,
	author = {Gary Russell },
	title = {Spring XD Wiki},
	howpublished = "\url{https://github.com/spring-projects/spring-xd/wiki/Sources#mqtt}",
	year = {2015}
}
@misc{jdbc-module,
	author = {Gary Russell },
	title = {Spring XD Wiki},
	howpublished = "\url{https://github.com/spring-projects/spring-xd/wiki/Sources#jdbc-source}",
	year = {2015}
}
@misc{mongo-module,
	author = {Gary Russell },
	title = {Spring XD Wiki Mongo},
	howpublished = "\url{https://github.com/spring-projects/spring-xd/wiki/Sinks#mongo}",
	year = {2015}
}
@misc{hadoop-hdfs-module,
	author = {Gary Russell },
	title = {Spring XD Wiki Hadoop Hdfs},
	howpublished = "\url{https://github.com/spring-projects/spring-xd/wiki/Sinks#hadoop-hdfs}",
	year = {2015}
}
@misc{spring-integration-reference,
	author = {Mark Fisher },
	title = {Spring Integration Documentation},
	howpublished = "\url{http://projects.spring.io/spring-integration}",
	year = {2015}
}
@misc{lambda-architecture-paper
	author = {Nathan Marz }.
	title = {Lambda Architecture},
	year = {2012}
}